%YAML 1.1
%TAG !u! tag:unity3d.com,2011:
--- !u!29 &1
OcclusionCullingSettings:
  m_ObjectHideFlags: 0
  serializedVersion: 2
  m_OcclusionBakeSettings:
    smallestOccluder: 5
    smallestHole: 0.25
    backfaceThreshold: 100
  m_SceneGUID: 00000000000000000000000000000000
  m_OcclusionCullingData: {fileID: 0}
--- !u!104 &2
RenderSettings:
  m_ObjectHideFlags: 0
  serializedVersion: 9
  m_Fog: 0
  m_FogColor: {r: 0.5, g: 0.5, b: 0.5, a: 1}
  m_FogMode: 3
  m_FogDensity: 0.01
  m_LinearFogStart: 0
  m_LinearFogEnd: 300
  m_AmbientSkyColor: {r: 0.212, g: 0.227, b: 0.259, a: 1}
  m_AmbientEquatorColor: {r: 0.114, g: 0.125, b: 0.133, a: 1}
  m_AmbientGroundColor: {r: 0.047, g: 0.043, b: 0.035, a: 1}
  m_AmbientIntensity: 1
  m_AmbientMode: 0
  m_SubtractiveShadowColor: {r: 0.42, g: 0.478, b: 0.627, a: 1}
  m_SkyboxMaterial: {fileID: 10304, guid: 0000000000000000f000000000000000, type: 0}
  m_HaloStrength: 0.5
  m_FlareStrength: 1
  m_FlareFadeSpeed: 3
  m_HaloTexture: {fileID: 0}
  m_SpotCookie: {fileID: 10001, guid: 0000000000000000e000000000000000, type: 0}
  m_DefaultReflectionMode: 0
  m_DefaultReflectionResolution: 128
  m_ReflectionBounces: 1
  m_ReflectionIntensity: 1
  m_CustomReflection: {fileID: 0}
  m_Sun: {fileID: 0}
  m_IndirectSpecularColor: {r: 0, g: 0, b: 0, a: 1}
  m_UseRadianceAmbientProbe: 0
--- !u!157 &3
LightmapSettings:
  m_ObjectHideFlags: 0
  serializedVersion: 11
  m_GIWorkflowMode: 1
  m_GISettings:
    serializedVersion: 2
    m_BounceScale: 1
    m_IndirectOutputScale: 1
    m_AlbedoBoost: 1
    m_EnvironmentLightingMode: 0
    m_EnableBakedLightmaps: 1
    m_EnableRealtimeLightmaps: 1
  m_LightmapEditorSettings:
    serializedVersion: 10
    m_Resolution: 2
    m_BakeResolution: 40
    m_AtlasSize: 1024
    m_AO: 0
    m_AOMaxDistance: 1
    m_CompAOExponent: 1
    m_CompAOExponentDirect: 0
    m_Padding: 2
    m_LightmapParameters: {fileID: 0}
    m_LightmapsBakeMode: 1
    m_TextureCompression: 1
    m_FinalGather: 0
    m_FinalGatherFiltering: 1
    m_FinalGatherRayCount: 256
    m_ReflectionCompression: 2
    m_MixedBakeMode: 2
    m_BakeBackend: 1
    m_PVRSampling: 1
    m_PVRDirectSampleCount: 32
    m_PVRSampleCount: 500
    m_PVRBounces: 2
    m_PVRFilterTypeDirect: 0
    m_PVRFilterTypeIndirect: 0
    m_PVRFilterTypeAO: 0
    m_PVRFilteringMode: 1
    m_PVRCulling: 1
    m_PVRFilteringGaussRadiusDirect: 1
    m_PVRFilteringGaussRadiusIndirect: 5
    m_PVRFilteringGaussRadiusAO: 2
    m_PVRFilteringAtrousPositionSigmaDirect: 0.5
    m_PVRFilteringAtrousPositionSigmaIndirect: 2
    m_PVRFilteringAtrousPositionSigmaAO: 1
    m_ShowResolutionOverlay: 1
  m_LightingDataAsset: {fileID: 0}
  m_UseShadowmask: 1
--- !u!196 &4
NavMeshSettings:
  serializedVersion: 2
  m_ObjectHideFlags: 0
  m_BuildSettings:
    serializedVersion: 2
    agentTypeID: 0
    agentRadius: 0.5
    agentHeight: 2
    agentSlope: 45
    agentClimb: 0.4
    ledgeDropHeight: 0
    maxJumpAcrossDistance: 0
    minRegionArea: 2
    manualCellSize: 0
    cellSize: 0.16666667
    manualTileSize: 0
    tileSize: 256
    accuratePlacement: 0
    debug:
      m_Flags: 0
  m_NavMeshData: {fileID: 0}
--- !u!4 &457722 stripped
Transform:
  m_CorrespondingSourceObject: {fileID: 457722, guid: c7b8f9a23fa1f584c8d3af6dad1a743b,
    type: 3}
  m_PrefabInstance: {fileID: 8082063694768182034}
  m_PrefabAsset: {fileID: 0}
--- !u!1 &82752189
GameObject:
  m_ObjectHideFlags: 0
  m_CorrespondingSourceObject: {fileID: 0}
  m_PrefabInstance: {fileID: 0}
  m_PrefabAsset: {fileID: 0}
  serializedVersion: 6
  m_Component:
  - component: {fileID: 82752190}
  m_Layer: 0
  m_Name: Tables
  m_TagString: Untagged
  m_Icon: {fileID: 0}
  m_NavMeshLayer: 0
  m_StaticEditorFlags: 0
  m_IsActive: 1
--- !u!4 &82752190
Transform:
  m_ObjectHideFlags: 0
  m_CorrespondingSourceObject: {fileID: 0}
  m_PrefabInstance: {fileID: 0}
  m_PrefabAsset: {fileID: 0}
  m_GameObject: {fileID: 82752189}
  m_LocalRotation: {x: 0, y: 0, z: 0, w: 1}
  m_LocalPosition: {x: 1.4598136, y: -1.3844566, z: 1.2322712}
  m_LocalScale: {x: 1, y: 1, z: 1}
  m_Children:
  - {fileID: 457722}
  - {fileID: 88640324}
  - {fileID: 1953103722}
  - {fileID: 192920251}
  m_Father: {fileID: 0}
  m_RootOrder: 7
  m_LocalEulerAnglesHint: {x: 0, y: 0, z: 0}
--- !u!1001 &88640323
PrefabInstance:
  m_ObjectHideFlags: 0
  serializedVersion: 2
  m_Modification:
    m_TransformParent: {fileID: 82752190}
    m_Modifications:
    - target: {fileID: 147630, guid: c7b8f9a23fa1f584c8d3af6dad1a743b, type: 3}
      propertyPath: m_Name
      value: SM_Prop_Table_02 (1)
      objectReference: {fileID: 0}
    - target: {fileID: 457722, guid: c7b8f9a23fa1f584c8d3af6dad1a743b, type: 3}
      propertyPath: m_LocalPosition.x
      value: 0.5401864
      objectReference: {fileID: 0}
    - target: {fileID: 457722, guid: c7b8f9a23fa1f584c8d3af6dad1a743b, type: 3}
      propertyPath: m_LocalPosition.y
      value: 1.3844566
      objectReference: {fileID: 0}
    - target: {fileID: 457722, guid: c7b8f9a23fa1f584c8d3af6dad1a743b, type: 3}
      propertyPath: m_LocalPosition.z
      value: -3.23
      objectReference: {fileID: 0}
    - target: {fileID: 457722, guid: c7b8f9a23fa1f584c8d3af6dad1a743b, type: 3}
      propertyPath: m_LocalRotation.x
      value: -0
      objectReference: {fileID: 0}
    - target: {fileID: 457722, guid: c7b8f9a23fa1f584c8d3af6dad1a743b, type: 3}
      propertyPath: m_LocalRotation.y
      value: -0
      objectReference: {fileID: 0}
    - target: {fileID: 457722, guid: c7b8f9a23fa1f584c8d3af6dad1a743b, type: 3}
      propertyPath: m_LocalRotation.z
      value: -0
      objectReference: {fileID: 0}
    - target: {fileID: 457722, guid: c7b8f9a23fa1f584c8d3af6dad1a743b, type: 3}
      propertyPath: m_LocalRotation.w
      value: 1
      objectReference: {fileID: 0}
    - target: {fileID: 457722, guid: c7b8f9a23fa1f584c8d3af6dad1a743b, type: 3}
      propertyPath: m_RootOrder
      value: 1
      objectReference: {fileID: 0}
    - target: {fileID: 457722, guid: c7b8f9a23fa1f584c8d3af6dad1a743b, type: 3}
      propertyPath: m_LocalEulerAnglesHint.x
      value: 0
      objectReference: {fileID: 0}
    - target: {fileID: 457722, guid: c7b8f9a23fa1f584c8d3af6dad1a743b, type: 3}
      propertyPath: m_LocalEulerAnglesHint.y
      value: 0
      objectReference: {fileID: 0}
    - target: {fileID: 457722, guid: c7b8f9a23fa1f584c8d3af6dad1a743b, type: 3}
      propertyPath: m_LocalEulerAnglesHint.z
      value: 0
      objectReference: {fileID: 0}
    - target: {fileID: 457722, guid: c7b8f9a23fa1f584c8d3af6dad1a743b, type: 3}
      propertyPath: m_LocalScale.x
      value: 0.675
      objectReference: {fileID: 0}
    - target: {fileID: 457722, guid: c7b8f9a23fa1f584c8d3af6dad1a743b, type: 3}
      propertyPath: m_LocalScale.y
      value: 0.5625
      objectReference: {fileID: 0}
    - target: {fileID: 457722, guid: c7b8f9a23fa1f584c8d3af6dad1a743b, type: 3}
      propertyPath: m_LocalScale.z
      value: 0.675
      objectReference: {fileID: 0}
    m_RemovedComponents: []
  m_SourcePrefab: {fileID: 100100000, guid: c7b8f9a23fa1f584c8d3af6dad1a743b, type: 3}
--- !u!4 &88640324 stripped
Transform:
  m_CorrespondingSourceObject: {fileID: 457722, guid: c7b8f9a23fa1f584c8d3af6dad1a743b,
    type: 3}
  m_PrefabInstance: {fileID: 88640323}
  m_PrefabAsset: {fileID: 0}
--- !u!224 &188497905 stripped
RectTransform:
  m_CorrespondingSourceObject: {fileID: 4252565974060868859, guid: 96389c28f18f445118acae6821b2250c,
    type: 3}
  m_PrefabInstance: {fileID: 4252565973878676234}
  m_PrefabAsset: {fileID: 0}
--- !u!1001 &192920250
PrefabInstance:
  m_ObjectHideFlags: 0
  serializedVersion: 2
  m_Modification:
    m_TransformParent: {fileID: 82752190}
    m_Modifications:
    - target: {fileID: 147630, guid: c7b8f9a23fa1f584c8d3af6dad1a743b, type: 3}
      propertyPath: m_Name
      value: SM_Prop_Table_02 (3)
      objectReference: {fileID: 0}
    - target: {fileID: 457722, guid: c7b8f9a23fa1f584c8d3af6dad1a743b, type: 3}
      propertyPath: m_LocalPosition.x
      value: -3.46
      objectReference: {fileID: 0}
    - target: {fileID: 457722, guid: c7b8f9a23fa1f584c8d3af6dad1a743b, type: 3}
      propertyPath: m_LocalPosition.y
      value: 1.3844566
      objectReference: {fileID: 0}
    - target: {fileID: 457722, guid: c7b8f9a23fa1f584c8d3af6dad1a743b, type: 3}
      propertyPath: m_LocalPosition.z
      value: 0.77
      objectReference: {fileID: 0}
    - target: {fileID: 457722, guid: c7b8f9a23fa1f584c8d3af6dad1a743b, type: 3}
      propertyPath: m_LocalRotation.x
      value: -0
      objectReference: {fileID: 0}
    - target: {fileID: 457722, guid: c7b8f9a23fa1f584c8d3af6dad1a743b, type: 3}
      propertyPath: m_LocalRotation.y
      value: -0
      objectReference: {fileID: 0}
    - target: {fileID: 457722, guid: c7b8f9a23fa1f584c8d3af6dad1a743b, type: 3}
      propertyPath: m_LocalRotation.z
      value: -0
      objectReference: {fileID: 0}
    - target: {fileID: 457722, guid: c7b8f9a23fa1f584c8d3af6dad1a743b, type: 3}
      propertyPath: m_LocalRotation.w
      value: 1
      objectReference: {fileID: 0}
    - target: {fileID: 457722, guid: c7b8f9a23fa1f584c8d3af6dad1a743b, type: 3}
      propertyPath: m_RootOrder
      value: 3
      objectReference: {fileID: 0}
    - target: {fileID: 457722, guid: c7b8f9a23fa1f584c8d3af6dad1a743b, type: 3}
      propertyPath: m_LocalEulerAnglesHint.x
      value: 0
      objectReference: {fileID: 0}
    - target: {fileID: 457722, guid: c7b8f9a23fa1f584c8d3af6dad1a743b, type: 3}
      propertyPath: m_LocalEulerAnglesHint.y
      value: 0
      objectReference: {fileID: 0}
    - target: {fileID: 457722, guid: c7b8f9a23fa1f584c8d3af6dad1a743b, type: 3}
      propertyPath: m_LocalEulerAnglesHint.z
      value: 0
      objectReference: {fileID: 0}
    - target: {fileID: 457722, guid: c7b8f9a23fa1f584c8d3af6dad1a743b, type: 3}
      propertyPath: m_LocalScale.x
      value: 0.675
      objectReference: {fileID: 0}
    - target: {fileID: 457722, guid: c7b8f9a23fa1f584c8d3af6dad1a743b, type: 3}
      propertyPath: m_LocalScale.y
      value: 0.5625
      objectReference: {fileID: 0}
    - target: {fileID: 457722, guid: c7b8f9a23fa1f584c8d3af6dad1a743b, type: 3}
      propertyPath: m_LocalScale.z
      value: 0.675
      objectReference: {fileID: 0}
    m_RemovedComponents: []
  m_SourcePrefab: {fileID: 100100000, guid: c7b8f9a23fa1f584c8d3af6dad1a743b, type: 3}
--- !u!4 &192920251 stripped
Transform:
  m_CorrespondingSourceObject: {fileID: 457722, guid: c7b8f9a23fa1f584c8d3af6dad1a743b,
    type: 3}
  m_PrefabInstance: {fileID: 192920250}
  m_PrefabAsset: {fileID: 0}
--- !u!114 &237750225 stripped
MonoBehaviour:
  m_CorrespondingSourceObject: {fileID: 4252565974111771867, guid: 96389c28f18f445118acae6821b2250c,
    type: 3}
  m_PrefabInstance: {fileID: 4252565973878676234}
  m_PrefabAsset: {fileID: 0}
  m_GameObject: {fileID: 0}
  m_Enabled: 1
  m_EditorHideFlags: 0
  m_Script: {fileID: 708705254, guid: f70555f144d8491a825f0804e09c671c, type: 3}
  m_Name: 
  m_EditorClassIdentifier: 
--- !u!1 &270910244 stripped
GameObject:
  m_CorrespondingSourceObject: {fileID: 4252565974145194030, guid: 96389c28f18f445118acae6821b2250c,
    type: 3}
  m_PrefabInstance: {fileID: 4252565973878676234}
  m_PrefabAsset: {fileID: 0}
--- !u!1 &293133316
GameObject:
  m_ObjectHideFlags: 0
  m_CorrespondingSourceObject: {fileID: 0}
  m_PrefabInstance: {fileID: 0}
  m_PrefabAsset: {fileID: 0}
  serializedVersion: 6
  m_Component:
  - component: {fileID: 293133319}
  - component: {fileID: 293133318}
  - component: {fileID: 293133317}
  m_Layer: 0
  m_Name: EventSystem
  m_TagString: Untagged
  m_Icon: {fileID: 0}
  m_NavMeshLayer: 0
  m_StaticEditorFlags: 0
  m_IsActive: 1
--- !u!114 &293133317
MonoBehaviour:
  m_ObjectHideFlags: 0
  m_CorrespondingSourceObject: {fileID: 0}
  m_PrefabInstance: {fileID: 0}
  m_PrefabAsset: {fileID: 0}
  m_GameObject: {fileID: 293133316}
  m_Enabled: 1
  m_EditorHideFlags: 0
  m_Script: {fileID: 1077351063, guid: f70555f144d8491a825f0804e09c671c, type: 3}
  m_Name: 
  m_EditorClassIdentifier: 
  m_HorizontalAxis: Horizontal
  m_VerticalAxis: Vertical
  m_SubmitButton: Submit
  m_CancelButton: Cancel
  m_InputActionsPerSecond: 10
  m_RepeatDelay: 0.5
  m_ForceModuleActive: 0
--- !u!114 &293133318
MonoBehaviour:
  m_ObjectHideFlags: 0
  m_CorrespondingSourceObject: {fileID: 0}
  m_PrefabInstance: {fileID: 0}
  m_PrefabAsset: {fileID: 0}
  m_GameObject: {fileID: 293133316}
  m_Enabled: 1
  m_EditorHideFlags: 0
  m_Script: {fileID: -619905303, guid: f70555f144d8491a825f0804e09c671c, type: 3}
  m_Name: 
  m_EditorClassIdentifier: 
  m_FirstSelected: {fileID: 0}
  m_sendNavigationEvents: 1
  m_DragThreshold: 10
--- !u!4 &293133319
Transform:
  m_ObjectHideFlags: 0
  m_CorrespondingSourceObject: {fileID: 0}
  m_PrefabInstance: {fileID: 0}
  m_PrefabAsset: {fileID: 0}
  m_GameObject: {fileID: 293133316}
  m_LocalRotation: {x: 0, y: 0, z: 0, w: 1}
  m_LocalPosition: {x: 0, y: 0, z: 0}
  m_LocalScale: {x: 1, y: 1, z: 1}
  m_Children: []
  m_Father: {fileID: 0}
  m_RootOrder: 3
  m_LocalEulerAnglesHint: {x: 0, y: 0, z: 0}
--- !u!4 &316824466 stripped
Transform:
  m_CorrespondingSourceObject: {fileID: 4516228114694352782, guid: c7b8f9a23fa1f584c8d3af6dad1a743b,
    type: 3}
  m_PrefabInstance: {fileID: 88640323}
  m_PrefabAsset: {fileID: 0}
--- !u!224 &412577075 stripped
RectTransform:
  m_CorrespondingSourceObject: {fileID: 4252565974271981113, guid: 96389c28f18f445118acae6821b2250c,
    type: 3}
  m_PrefabInstance: {fileID: 4252565973878676234}
  m_PrefabAsset: {fileID: 0}
--- !u!1 &507113753
GameObject:
  m_ObjectHideFlags: 0
  m_CorrespondingSourceObject: {fileID: 0}
  m_PrefabInstance: {fileID: 0}
  m_PrefabAsset: {fileID: 0}
  serializedVersion: 6
  m_Component:
  - component: {fileID: 507113754}
  - component: {fileID: 507113757}
  - component: {fileID: 507113756}
  m_Layer: 0
  m_Name: Wall(Left)
  m_TagString: Untagged
  m_Icon: {fileID: 0}
  m_NavMeshLayer: 0
  m_StaticEditorFlags: 0
  m_IsActive: 1
--- !u!4 &507113754
Transform:
  m_ObjectHideFlags: 0
  m_CorrespondingSourceObject: {fileID: 0}
  m_PrefabInstance: {fileID: 0}
  m_PrefabAsset: {fileID: 0}
  m_GameObject: {fileID: 507113753}
  m_LocalRotation: {x: -0, y: -0, z: -0, w: 1}
  m_LocalPosition: {x: 0, y: 1.5, z: 5.05}
  m_LocalScale: {x: 10.1, y: 3, z: 0.1}
  m_Children: []
  m_Father: {fileID: 1941542662}
  m_RootOrder: 0
  m_LocalEulerAnglesHint: {x: 0, y: 0, z: 0}
--- !u!23 &507113756
MeshRenderer:
  m_ObjectHideFlags: 0
  m_CorrespondingSourceObject: {fileID: 0}
  m_PrefabInstance: {fileID: 0}
  m_PrefabAsset: {fileID: 0}
  m_GameObject: {fileID: 507113753}
  m_Enabled: 1
  m_CastShadows: 1
  m_ReceiveShadows: 1
  m_DynamicOccludee: 1
  m_MotionVectors: 1
  m_LightProbeUsage: 1
  m_ReflectionProbeUsage: 1
  m_RenderingLayerMask: 1
  m_RendererPriority: 0
  m_Materials:
  - {fileID: 2100000, guid: 560736a5ab1bf494f8c6c5bd5b573175, type: 2}
  m_StaticBatchInfo:
    firstSubMesh: 0
    subMeshCount: 0
  m_StaticBatchRoot: {fileID: 0}
  m_ProbeAnchor: {fileID: 0}
  m_LightProbeVolumeOverride: {fileID: 0}
  m_ScaleInLightmap: 1
  m_PreserveUVs: 0
  m_IgnoreNormalsForChartDetection: 0
  m_ImportantGI: 0
  m_StitchLightmapSeams: 0
  m_SelectedEditorRenderState: 3
  m_MinimumChartSize: 4
  m_AutoUVMaxDistance: 0.5
  m_AutoUVMaxAngle: 89
  m_LightmapParameters: {fileID: 0}
  m_SortingLayerID: 0
  m_SortingLayer: 0
  m_SortingOrder: 0
--- !u!33 &507113757
MeshFilter:
  m_ObjectHideFlags: 0
  m_CorrespondingSourceObject: {fileID: 0}
  m_PrefabInstance: {fileID: 0}
  m_PrefabAsset: {fileID: 0}
  m_GameObject: {fileID: 507113753}
  m_Mesh: {fileID: 10202, guid: 0000000000000000e000000000000000, type: 0}
--- !u!1 &569839108
GameObject:
  m_ObjectHideFlags: 0
  m_CorrespondingSourceObject: {fileID: 0}
  m_PrefabInstance: {fileID: 0}
  m_PrefabAsset: {fileID: 0}
  serializedVersion: 6
  m_Component:
  - component: {fileID: 569839109}
  - component: {fileID: 569839111}
  - component: {fileID: 569839110}
  m_Layer: 0
  m_Name: Wall(Right)
  m_TagString: Untagged
  m_Icon: {fileID: 0}
  m_NavMeshLayer: 0
  m_StaticEditorFlags: 0
  m_IsActive: 1
--- !u!4 &569839109
Transform:
  m_ObjectHideFlags: 0
  m_CorrespondingSourceObject: {fileID: 0}
  m_PrefabInstance: {fileID: 0}
  m_PrefabAsset: {fileID: 0}
  m_GameObject: {fileID: 569839108}
  m_LocalRotation: {x: -0.7071068, y: -0, z: 0.7071068, w: 0}
  m_LocalPosition: {x: 5.05, y: 1.5, z: 0.05}
  m_LocalScale: {x: 10.099999, y: 3, z: 0.1}
  m_Children: []
  m_Father: {fileID: 1941542662}
  m_RootOrder: 1
  m_LocalEulerAnglesHint: {x: 0, y: -90, z: 180}
--- !u!23 &569839110
MeshRenderer:
  m_ObjectHideFlags: 0
  m_CorrespondingSourceObject: {fileID: 0}
  m_PrefabInstance: {fileID: 0}
  m_PrefabAsset: {fileID: 0}
  m_GameObject: {fileID: 569839108}
  m_Enabled: 1
  m_CastShadows: 1
  m_ReceiveShadows: 1
  m_DynamicOccludee: 1
  m_MotionVectors: 1
  m_LightProbeUsage: 1
  m_ReflectionProbeUsage: 1
  m_RenderingLayerMask: 1
  m_RendererPriority: 0
  m_Materials:
  - {fileID: 2100000, guid: 560736a5ab1bf494f8c6c5bd5b573175, type: 2}
  m_StaticBatchInfo:
    firstSubMesh: 0
    subMeshCount: 0
  m_StaticBatchRoot: {fileID: 0}
  m_ProbeAnchor: {fileID: 0}
  m_LightProbeVolumeOverride: {fileID: 0}
  m_ScaleInLightmap: 1
  m_PreserveUVs: 0
  m_IgnoreNormalsForChartDetection: 0
  m_ImportantGI: 0
  m_StitchLightmapSeams: 0
  m_SelectedEditorRenderState: 3
  m_MinimumChartSize: 4
  m_AutoUVMaxDistance: 0.5
  m_AutoUVMaxAngle: 89
  m_LightmapParameters: {fileID: 0}
  m_SortingLayerID: 0
  m_SortingLayer: 0
  m_SortingOrder: 0
--- !u!33 &569839111
MeshFilter:
  m_ObjectHideFlags: 0
  m_CorrespondingSourceObject: {fileID: 0}
  m_PrefabInstance: {fileID: 0}
  m_PrefabAsset: {fileID: 0}
  m_GameObject: {fileID: 569839108}
  m_Mesh: {fileID: 10202, guid: 0000000000000000e000000000000000, type: 0}
--- !u!114 &584762372 stripped
MonoBehaviour:
  m_CorrespondingSourceObject: {fileID: 4252565973362106126, guid: 96389c28f18f445118acae6821b2250c,
    type: 3}
  m_PrefabInstance: {fileID: 4252565973878676234}
  m_PrefabAsset: {fileID: 0}
  m_GameObject: {fileID: 0}
  m_Enabled: 1
  m_EditorHideFlags: 0
  m_Script: {fileID: 11500000, guid: a9e9b93283d834921816fed818c70cbb, type: 3}
  m_Name: 
  m_EditorClassIdentifier: 
--- !u!4 &603252312 stripped
Transform:
  m_CorrespondingSourceObject: {fileID: 4516228114694352782, guid: c7b8f9a23fa1f584c8d3af6dad1a743b,
    type: 3}
  m_PrefabInstance: {fileID: 1953103721}
  m_PrefabAsset: {fileID: 0}
--- !u!4 &690047387 stripped
Transform:
  m_CorrespondingSourceObject: {fileID: 4516228114694352782, guid: c7b8f9a23fa1f584c8d3af6dad1a743b,
    type: 3}
  m_PrefabInstance: {fileID: 8082063694768182034}
  m_PrefabAsset: {fileID: 0}
--- !u!114 &697312606 stripped
MonoBehaviour:
  m_CorrespondingSourceObject: {fileID: 4252565973483372116, guid: 96389c28f18f445118acae6821b2250c,
    type: 3}
  m_PrefabInstance: {fileID: 4252565973878676234}
  m_PrefabAsset: {fileID: 0}
  m_GameObject: {fileID: 0}
  m_Enabled: 1
  m_EditorHideFlags: 0
  m_Script: {fileID: 11500000, guid: a9e9b93283d834921816fed818c70cbb, type: 3}
  m_Name: 
  m_EditorClassIdentifier: 
--- !u!114 &699233419 stripped
MonoBehaviour:
  m_CorrespondingSourceObject: {fileID: 4252565973483057025, guid: 96389c28f18f445118acae6821b2250c,
    type: 3}
  m_PrefabInstance: {fileID: 4252565973878676234}
  m_PrefabAsset: {fileID: 0}
  m_GameObject: {fileID: 0}
  m_Enabled: 1
  m_EditorHideFlags: 0
  m_Script: {fileID: 708705254, guid: f70555f144d8491a825f0804e09c671c, type: 3}
  m_Name: 
  m_EditorClassIdentifier: 
--- !u!114 &887864796 stripped
MonoBehaviour:
  m_CorrespondingSourceObject: {fileID: 4252565973662967510, guid: 96389c28f18f445118acae6821b2250c,
    type: 3}
  m_PrefabInstance: {fileID: 4252565973878676234}
  m_PrefabAsset: {fileID: 0}
  m_GameObject: {fileID: 0}
  m_Enabled: 1
  m_EditorHideFlags: 0
  m_Script: {fileID: 11500000, guid: a9e9b93283d834921816fed818c70cbb, type: 3}
  m_Name: 
  m_EditorClassIdentifier: 
--- !u!114 &907296358 stripped
MonoBehaviour:
  m_CorrespondingSourceObject: {fileID: 4252565973710120300, guid: 96389c28f18f445118acae6821b2250c,
    type: 3}
  m_PrefabInstance: {fileID: 4252565973878676234}
  m_PrefabAsset: {fileID: 0}
  m_GameObject: {fileID: 0}
  m_Enabled: 1
  m_EditorHideFlags: 0
  m_Script: {fileID: 11500000, guid: a9e9b93283d834921816fed818c70cbb, type: 3}
  m_Name: 
  m_EditorClassIdentifier: 
--- !u!1 &1045484686
GameObject:
  m_ObjectHideFlags: 0
  m_CorrespondingSourceObject: {fileID: 0}
  m_PrefabInstance: {fileID: 0}
  m_PrefabAsset: {fileID: 0}
  serializedVersion: 6
  m_Component:
  - component: {fileID: 1045484688}
  - component: {fileID: 1045484689}
  m_Layer: 0
  m_Name: MasterMain
  m_TagString: Untagged
  m_Icon: {fileID: 0}
  m_NavMeshLayer: 0
  m_StaticEditorFlags: 0
  m_IsActive: 1
--- !u!4 &1045484688
Transform:
  m_ObjectHideFlags: 0
  m_CorrespondingSourceObject: {fileID: 0}
  m_PrefabInstance: {fileID: 0}
  m_PrefabAsset: {fileID: 0}
  m_GameObject: {fileID: 1045484686}
  m_LocalRotation: {x: 0, y: 0, z: 0, w: 1}
  m_LocalPosition: {x: 0, y: 0, z: 0}
  m_LocalScale: {x: 1, y: 1, z: 1}
  m_Children: []
  m_Father: {fileID: 0}
  m_RootOrder: 4
  m_LocalEulerAnglesHint: {x: 0, y: 0, z: 0}
--- !u!114 &1045484689
MonoBehaviour:
  m_ObjectHideFlags: 0
  m_CorrespondingSourceObject: {fileID: 0}
  m_PrefabInstance: {fileID: 0}
  m_PrefabAsset: {fileID: 0}
  m_GameObject: {fileID: 1045484686}
  m_Enabled: 1
  m_EditorHideFlags: 0
  m_Script: {fileID: 11500000, guid: 1e1e0fde627494dccbcdfd9de4d3dd6d, type: 3}
  m_Name: 
  m_EditorClassIdentifier: 
  PanelObj: {fileID: 270910244}
  PanelP1RootTrans: {fileID: 412577075}
  PanelP2RootTrans: {fileID: 188497905}
  orderManager:
    orderObj: {fileID: 0}
    orderPanelRootTrans: {fileID: 0}
    orderPositions:
    - {fileID: 690047387}
    - {fileID: 316824466}
    - {fileID: 603252312}
    - {fileID: 1770159159}
  scoreManager:
    PointTextP1: {fileID: 699233419}
    PointTextP2: {fileID: 237750225}
    CountDownText: {fileID: 1431516654}
    finish:
      m_PersistentCalls:
        m_Calls: []
      m_TypeName: UnityEngine.Events.UnityEvent, UnityEngine.CoreModule, Version=0.0.0.0,
        Culture=neutral, PublicKeyToken=null
    toDraw:
      m_PersistentCalls:
        m_Calls: []
      m_TypeName: UnityEngine.Events.UnityEvent, UnityEngine.CoreModule, Version=0.0.0.0,
        Culture=neutral, PublicKeyToken=null
    toWin1:
      m_PersistentCalls:
        m_Calls: []
      m_TypeName: UnityEngine.Events.UnityEvent, UnityEngine.CoreModule, Version=0.0.0.0,
        Culture=neutral, PublicKeyToken=null
    toWin2:
      m_PersistentCalls:
        m_Calls: []
      m_TypeName: UnityEngine.Events.UnityEvent, UnityEngine.CoreModule, Version=0.0.0.0,
        Culture=neutral, PublicKeyToken=null
  plateManager:
    Next1PaletP1: {fileID: 584762372}
    Next2PaletP1: {fileID: 1117583220}
    Next3PaletP1: {fileID: 1534143422}
    Next4PaletP1: {fileID: 907296358}
    Next1PaletP2: {fileID: 887864796}
    Next2PaletP2: {fileID: 2085839010}
    Next3PaletP2: {fileID: 1565689468}
    Next4PaletP2: {fileID: 697312606}
  time:
    FinishTime: 30
    TimeText: {fileID: 0}
--- !u!114 &1117583220 stripped
MonoBehaviour:
  m_CorrespondingSourceObject: {fileID: 4252565972829826174, guid: 96389c28f18f445118acae6821b2250c,
    type: 3}
  m_PrefabInstance: {fileID: 4252565973878676234}
  m_PrefabAsset: {fileID: 0}
  m_GameObject: {fileID: 0}
  m_Enabled: 1
  m_EditorHideFlags: 0
  m_Script: {fileID: 11500000, guid: a9e9b93283d834921816fed818c70cbb, type: 3}
  m_Name: 
  m_EditorClassIdentifier: 
--- !u!1 &1189705069
GameObject:
  m_ObjectHideFlags: 0
  m_CorrespondingSourceObject: {fileID: 0}
  m_PrefabInstance: {fileID: 0}
  m_PrefabAsset: {fileID: 0}
  serializedVersion: 6
  m_Component:
  - component: {fileID: 1189705071}
  - component: {fileID: 1189705070}
  m_Layer: 0
  m_Name: Directional Light
  m_TagString: Untagged
  m_Icon: {fileID: 0}
  m_NavMeshLayer: 0
  m_StaticEditorFlags: 0
  m_IsActive: 1
--- !u!108 &1189705070
Light:
  m_ObjectHideFlags: 0
  m_CorrespondingSourceObject: {fileID: 0}
  m_PrefabInstance: {fileID: 0}
  m_PrefabAsset: {fileID: 0}
  m_GameObject: {fileID: 1189705069}
  m_Enabled: 1
  serializedVersion: 8
  m_Type: 1
  m_Color: {r: 1, g: 1, b: 1, a: 1}
  m_Intensity: 1
  m_Range: 10
  m_SpotAngle: 30
  m_CookieSize: 10
  m_Shadows:
    m_Type: 2
    m_Resolution: -1
    m_CustomResolution: -1
    m_Strength: 1
    m_Bias: 0.05
    m_NormalBias: 0.4
    m_NearPlane: 0.2
  m_Cookie: {fileID: 0}
  m_DrawHalo: 0
  m_Flare: {fileID: 0}
  m_RenderMode: 0
  m_CullingMask:
    serializedVersion: 2
    m_Bits: 4294967295
  m_Lightmapping: 4
  m_LightShadowCasterMode: 0
  m_AreaSize: {x: 1, y: 1}
  m_BounceIntensity: 1
  m_ColorTemperature: 6570
  m_UseColorTemperature: 0
  m_ShadowRadius: 0
  m_ShadowAngle: 0
--- !u!4 &1189705071
Transform:
  m_ObjectHideFlags: 0
  m_CorrespondingSourceObject: {fileID: 0}
  m_PrefabInstance: {fileID: 0}
  m_PrefabAsset: {fileID: 0}
  m_GameObject: {fileID: 1189705069}
  m_LocalRotation: {x: -0.2606233, y: 0.34180936, z: -0.8835229, w: -0.1860888}
  m_LocalPosition: {x: 0, y: 3, z: 0}
  m_LocalScale: {x: 1, y: 1, z: 1}
  m_Children: []
  m_Father: {fileID: 0}
  m_RootOrder: 1
  m_LocalEulerAnglesHint: {x: 135.493, y: 207.864, z: -12.195984}
--- !u!114 &1431516654 stripped
MonoBehaviour:
  m_CorrespondingSourceObject: {fileID: 4252565973151821540, guid: 96389c28f18f445118acae6821b2250c,
    type: 3}
  m_PrefabInstance: {fileID: 4252565973878676234}
  m_PrefabAsset: {fileID: 0}
  m_GameObject: {fileID: 0}
  m_Enabled: 1
  m_EditorHideFlags: 0
  m_Script: {fileID: 708705254, guid: f70555f144d8491a825f0804e09c671c, type: 3}
  m_Name: 
  m_EditorClassIdentifier: 
--- !u!114 &1534143422 stripped
MonoBehaviour:
  m_CorrespondingSourceObject: {fileID: 4252565973250519220, guid: 96389c28f18f445118acae6821b2250c,
    type: 3}
  m_PrefabInstance: {fileID: 4252565973878676234}
  m_PrefabAsset: {fileID: 0}
  m_GameObject: {fileID: 0}
  m_Enabled: 1
  m_EditorHideFlags: 0
  m_Script: {fileID: 11500000, guid: a9e9b93283d834921816fed818c70cbb, type: 3}
  m_Name: 
  m_EditorClassIdentifier: 
--- !u!114 &1565689468 stripped
MonoBehaviour:
  m_CorrespondingSourceObject: {fileID: 4252565973286067574, guid: 96389c28f18f445118acae6821b2250c,
    type: 3}
  m_PrefabInstance: {fileID: 4252565973878676234}
  m_PrefabAsset: {fileID: 0}
  m_GameObject: {fileID: 0}
  m_Enabled: 1
  m_EditorHideFlags: 0
  m_Script: {fileID: 11500000, guid: a9e9b93283d834921816fed818c70cbb, type: 3}
  m_Name: 
  m_EditorClassIdentifier: 
--- !u!1 &1607553288
GameObject:
  m_ObjectHideFlags: 0
  m_CorrespondingSourceObject: {fileID: 0}
  m_PrefabInstance: {fileID: 0}
  m_PrefabAsset: {fileID: 0}
  serializedVersion: 6
  m_Component:
  - component: {fileID: 1607553289}
  m_Layer: 0
  m_Name: Level
  m_TagString: Untagged
  m_Icon: {fileID: 0}
  m_NavMeshLayer: 0
  m_StaticEditorFlags: 0
  m_IsActive: 1
--- !u!4 &1607553289
Transform:
  m_ObjectHideFlags: 0
  m_CorrespondingSourceObject: {fileID: 0}
  m_PrefabInstance: {fileID: 0}
  m_PrefabAsset: {fileID: 0}
  m_GameObject: {fileID: 1607553288}
  m_LocalRotation: {x: 0, y: 0, z: 0, w: 1}
  m_LocalPosition: {x: 2.5823917, y: 2.266371, z: 3.0987115}
  m_LocalScale: {x: 1, y: 1, z: 1}
  m_Children:
  - {fileID: 1628846526}
  - {fileID: 1941542662}
  m_Father: {fileID: 0}
  m_RootOrder: 6
  m_LocalEulerAnglesHint: {x: 0, y: 0, z: 0}
--- !u!1 &1628846522
GameObject:
  m_ObjectHideFlags: 0
  m_CorrespondingSourceObject: {fileID: 0}
  m_PrefabInstance: {fileID: 0}
  m_PrefabAsset: {fileID: 0}
  serializedVersion: 6
  m_Component:
  - component: {fileID: 1628846526}
  - component: {fileID: 1628846525}
  - component: {fileID: 1628846524}
  m_Layer: 0
  m_Name: Floor
  m_TagString: Untagged
  m_Icon: {fileID: 0}
  m_NavMeshLayer: 0
  m_StaticEditorFlags: 0
  m_IsActive: 1
--- !u!23 &1628846524
MeshRenderer:
  m_ObjectHideFlags: 0
  m_CorrespondingSourceObject: {fileID: 0}
  m_PrefabInstance: {fileID: 0}
  m_PrefabAsset: {fileID: 0}
  m_GameObject: {fileID: 1628846522}
  m_Enabled: 1
  m_CastShadows: 1
  m_ReceiveShadows: 1
  m_DynamicOccludee: 1
  m_MotionVectors: 1
  m_LightProbeUsage: 1
  m_ReflectionProbeUsage: 1
  m_RenderingLayerMask: 1
  m_RendererPriority: 0
  m_Materials:
  - {fileID: 2100000, guid: 9a4e041b422d74c16b96b540ceb76ddb, type: 2}
  m_StaticBatchInfo:
    firstSubMesh: 0
    subMeshCount: 0
  m_StaticBatchRoot: {fileID: 0}
  m_ProbeAnchor: {fileID: 0}
  m_LightProbeVolumeOverride: {fileID: 0}
  m_ScaleInLightmap: 1
  m_PreserveUVs: 0
  m_IgnoreNormalsForChartDetection: 0
  m_ImportantGI: 0
  m_StitchLightmapSeams: 0
  m_SelectedEditorRenderState: 3
  m_MinimumChartSize: 4
  m_AutoUVMaxDistance: 0.5
  m_AutoUVMaxAngle: 89
  m_LightmapParameters: {fileID: 0}
  m_SortingLayerID: 0
  m_SortingLayer: 0
  m_SortingOrder: 0
--- !u!33 &1628846525
MeshFilter:
  m_ObjectHideFlags: 0
  m_CorrespondingSourceObject: {fileID: 0}
  m_PrefabInstance: {fileID: 0}
  m_PrefabAsset: {fileID: 0}
  m_GameObject: {fileID: 1628846522}
  m_Mesh: {fileID: 10202, guid: 0000000000000000e000000000000000, type: 0}
--- !u!4 &1628846526
Transform:
  m_ObjectHideFlags: 0
  m_CorrespondingSourceObject: {fileID: 0}
  m_PrefabInstance: {fileID: 0}
  m_PrefabAsset: {fileID: 0}
  m_GameObject: {fileID: 1628846522}
  m_LocalRotation: {x: -0, y: -0, z: -0, w: 1}
  m_LocalPosition: {x: -2.5823917, y: -2.316371, z: -3.0987115}
  m_LocalScale: {x: 10, y: 0.1, z: 10}
  m_Children: []
  m_Father: {fileID: 1607553289}
  m_RootOrder: 0
  m_LocalEulerAnglesHint: {x: 0, y: 0, z: 0}
--- !u!4 &1770159159 stripped
Transform:
  m_CorrespondingSourceObject: {fileID: 4516228114694352782, guid: c7b8f9a23fa1f584c8d3af6dad1a743b,
    type: 3}
  m_PrefabInstance: {fileID: 192920250}
  m_PrefabAsset: {fileID: 0}
--- !u!1 &1941542661
GameObject:
  m_ObjectHideFlags: 0
  m_CorrespondingSourceObject: {fileID: 0}
  m_PrefabInstance: {fileID: 0}
  m_PrefabAsset: {fileID: 0}
  serializedVersion: 6
  m_Component:
  - component: {fileID: 1941542662}
  m_Layer: 0
  m_Name: Walls
  m_TagString: Untagged
  m_Icon: {fileID: 0}
  m_NavMeshLayer: 0
  m_StaticEditorFlags: 0
  m_IsActive: 1
--- !u!4 &1941542662
Transform:
  m_ObjectHideFlags: 0
  m_CorrespondingSourceObject: {fileID: 0}
  m_PrefabInstance: {fileID: 0}
  m_PrefabAsset: {fileID: 0}
  m_GameObject: {fileID: 1941542661}
  m_LocalRotation: {x: -0, y: -0, z: -0, w: 1}
  m_LocalPosition: {x: -2.5823917, y: -2.266371, z: -3.0987115}
  m_LocalScale: {x: 1, y: 1, z: 1}
  m_Children:
  - {fileID: 507113754}
  - {fileID: 569839109}
  m_Father: {fileID: 1607553289}
  m_RootOrder: 1
  m_LocalEulerAnglesHint: {x: 0, y: 0, z: 0}
--- !u!1001 &1953103721
PrefabInstance:
  m_ObjectHideFlags: 0
  serializedVersion: 2
  m_Modification:
    m_TransformParent: {fileID: 82752190}
    m_Modifications:
    - target: {fileID: 147630, guid: c7b8f9a23fa1f584c8d3af6dad1a743b, type: 3}
      propertyPath: m_Name
      value: SM_Prop_Table_02 (2)
      objectReference: {fileID: 0}
    - target: {fileID: 457722, guid: c7b8f9a23fa1f584c8d3af6dad1a743b, type: 3}
      propertyPath: m_LocalPosition.x
      value: -3.46
      objectReference: {fileID: 0}
    - target: {fileID: 457722, guid: c7b8f9a23fa1f584c8d3af6dad1a743b, type: 3}
      propertyPath: m_LocalPosition.y
      value: 1.3844566
      objectReference: {fileID: 0}
    - target: {fileID: 457722, guid: c7b8f9a23fa1f584c8d3af6dad1a743b, type: 3}
      propertyPath: m_LocalPosition.z
      value: -3.23
      objectReference: {fileID: 0}
    - target: {fileID: 457722, guid: c7b8f9a23fa1f584c8d3af6dad1a743b, type: 3}
      propertyPath: m_LocalRotation.x
      value: -0
      objectReference: {fileID: 0}
    - target: {fileID: 457722, guid: c7b8f9a23fa1f584c8d3af6dad1a743b, type: 3}
      propertyPath: m_LocalRotation.y
      value: -0
      objectReference: {fileID: 0}
    - target: {fileID: 457722, guid: c7b8f9a23fa1f584c8d3af6dad1a743b, type: 3}
      propertyPath: m_LocalRotation.z
      value: -0
      objectReference: {fileID: 0}
    - target: {fileID: 457722, guid: c7b8f9a23fa1f584c8d3af6dad1a743b, type: 3}
      propertyPath: m_LocalRotation.w
      value: 1
      objectReference: {fileID: 0}
    - target: {fileID: 457722, guid: c7b8f9a23fa1f584c8d3af6dad1a743b, type: 3}
      propertyPath: m_RootOrder
      value: 2
      objectReference: {fileID: 0}
    - target: {fileID: 457722, guid: c7b8f9a23fa1f584c8d3af6dad1a743b, type: 3}
      propertyPath: m_LocalEulerAnglesHint.x
      value: 0
      objectReference: {fileID: 0}
    - target: {fileID: 457722, guid: c7b8f9a23fa1f584c8d3af6dad1a743b, type: 3}
      propertyPath: m_LocalEulerAnglesHint.y
      value: 0
      objectReference: {fileID: 0}
    - target: {fileID: 457722, guid: c7b8f9a23fa1f584c8d3af6dad1a743b, type: 3}
      propertyPath: m_LocalEulerAnglesHint.z
      value: 0
      objectReference: {fileID: 0}
    - target: {fileID: 457722, guid: c7b8f9a23fa1f584c8d3af6dad1a743b, type: 3}
      propertyPath: m_LocalScale.x
      value: 0.675
      objectReference: {fileID: 0}
    - target: {fileID: 457722, guid: c7b8f9a23fa1f584c8d3af6dad1a743b, type: 3}
      propertyPath: m_LocalScale.y
      value: 0.5625
      objectReference: {fileID: 0}
    - target: {fileID: 457722, guid: c7b8f9a23fa1f584c8d3af6dad1a743b, type: 3}
      propertyPath: m_LocalScale.z
      value: 0.675
      objectReference: {fileID: 0}
    m_RemovedComponents: []
  m_SourcePrefab: {fileID: 100100000, guid: c7b8f9a23fa1f584c8d3af6dad1a743b, type: 3}
--- !u!4 &1953103722 stripped
Transform:
  m_CorrespondingSourceObject: {fileID: 457722, guid: c7b8f9a23fa1f584c8d3af6dad1a743b,
    type: 3}
  m_PrefabInstance: {fileID: 1953103721}
  m_PrefabAsset: {fileID: 0}
--- !u!1 &1994921599
GameObject:
  m_ObjectHideFlags: 0
  m_CorrespondingSourceObject: {fileID: 0}
  m_PrefabInstance: {fileID: 0}
  m_PrefabAsset: {fileID: 0}
  serializedVersion: 6
  m_Component:
  - component: {fileID: 1994921602}
  - component: {fileID: 1994921601}
  - component: {fileID: 1994921600}
  m_Layer: 0
  m_Name: Main Camera
  m_TagString: MainCamera
  m_Icon: {fileID: 0}
  m_NavMeshLayer: 0
  m_StaticEditorFlags: 0
  m_IsActive: 1
--- !u!81 &1994921600
AudioListener:
  m_ObjectHideFlags: 0
  m_CorrespondingSourceObject: {fileID: 0}
  m_PrefabInstance: {fileID: 0}
  m_PrefabAsset: {fileID: 0}
  m_GameObject: {fileID: 1994921599}
  m_Enabled: 1
--- !u!20 &1994921601
Camera:
  m_ObjectHideFlags: 0
  m_CorrespondingSourceObject: {fileID: 0}
  m_PrefabInstance: {fileID: 0}
  m_PrefabAsset: {fileID: 0}
  m_GameObject: {fileID: 1994921599}
  m_Enabled: 1
  serializedVersion: 2
  m_ClearFlags: 1
  m_BackGroundColor: {r: 0.19215687, g: 0.3019608, b: 0.4745098, a: 0}
  m_projectionMatrixMode: 1
  m_SensorSize: {x: 36, y: 24}
  m_LensShift: {x: 0, y: 0}
  m_GateFitMode: 2
  m_FocalLength: 50
  m_NormalizedViewPortRect:
    serializedVersion: 2
    x: 0
    y: 0
    width: 1
    height: 1
  near clip plane: 0.3
  far clip plane: 1000
  field of view: 60
  orthographic: 1
  orthographic size: 5
  m_Depth: -1
  m_CullingMask:
    serializedVersion: 2
    m_Bits: 4294967295
  m_RenderingPath: -1
  m_TargetTexture: {fileID: 0}
  m_TargetDisplay: 0
  m_TargetEye: 3
  m_HDR: 1
  m_AllowMSAA: 1
  m_AllowDynamicResolution: 0
  m_ForceIntoRT: 0
  m_OcclusionCulling: 1
  m_StereoConvergence: 10
  m_StereoSeparation: 0.022
--- !u!4 &1994921602
Transform:
  m_ObjectHideFlags: 0
  m_CorrespondingSourceObject: {fileID: 0}
  m_PrefabInstance: {fileID: 0}
  m_PrefabAsset: {fileID: 0}
  m_GameObject: {fileID: 1994921599}
  m_LocalRotation: {x: 0.23911765, y: 0.36964378, z: -0.09904577, w: 0.8923991}
  m_LocalPosition: {x: -10, y: 10, z: -10}
  m_LocalScale: {x: 1, y: 1, z: 1}
  m_Children: []
  m_Father: {fileID: 0}
  m_RootOrder: 0
  m_LocalEulerAnglesHint: {x: 30, y: 45, z: 0}
--- !u!114 &2085839010 stripped
MonoBehaviour:
  m_CorrespondingSourceObject: {fileID: 4252565972732410792, guid: 96389c28f18f445118acae6821b2250c,
    type: 3}
  m_PrefabInstance: {fileID: 4252565973878676234}
  m_PrefabAsset: {fileID: 0}
  m_GameObject: {fileID: 0}
  m_Enabled: 1
  m_EditorHideFlags: 0
  m_Script: {fileID: 11500000, guid: a9e9b93283d834921816fed818c70cbb, type: 3}
  m_Name: 
  m_EditorClassIdentifier: 
--- !u!1001 &80829085436467409
PrefabInstance:
  m_ObjectHideFlags: 0
  serializedVersion: 2
  m_Modification:
    m_TransformParent: {fileID: 0}
    m_Modifications:
    - target: {fileID: 80829084386201858, guid: a4bb0b4e1370640fd9c6c957cb56db69,
        type: 3}
      propertyPath: m_Name
      value: BGPlane
      objectReference: {fileID: 0}
    - target: {fileID: 80829084386201862, guid: a4bb0b4e1370640fd9c6c957cb56db69,
        type: 3}
      propertyPath: m_LocalPosition.x
      value: 14.36
      objectReference: {fileID: 0}
    - target: {fileID: 80829084386201862, guid: a4bb0b4e1370640fd9c6c957cb56db69,
        type: 3}
      propertyPath: m_LocalPosition.y
      value: -6.26
      objectReference: {fileID: 0}
    - target: {fileID: 80829084386201862, guid: a4bb0b4e1370640fd9c6c957cb56db69,
        type: 3}
      propertyPath: m_LocalPosition.z
      value: 15.32
      objectReference: {fileID: 0}
    - target: {fileID: 80829084386201862, guid: a4bb0b4e1370640fd9c6c957cb56db69,
        type: 3}
      propertyPath: m_LocalRotation.x
      value: -0.27059793
      objectReference: {fileID: 0}
    - target: {fileID: 80829084386201862, guid: a4bb0b4e1370640fd9c6c957cb56db69,
        type: 3}
      propertyPath: m_LocalRotation.y
      value: 0.65328157
      objectReference: {fileID: 0}
    - target: {fileID: 80829084386201862, guid: a4bb0b4e1370640fd9c6c957cb56db69,
        type: 3}
      propertyPath: m_LocalRotation.z
      value: -0.65328157
      objectReference: {fileID: 0}
    - target: {fileID: 80829084386201862, guid: a4bb0b4e1370640fd9c6c957cb56db69,
        type: 3}
      propertyPath: m_LocalRotation.w
      value: -0.27059793
      objectReference: {fileID: 0}
    - target: {fileID: 80829084386201862, guid: a4bb0b4e1370640fd9c6c957cb56db69,
        type: 3}
      propertyPath: m_RootOrder
      value: 5
      objectReference: {fileID: 0}
    - target: {fileID: 80829084386201862, guid: a4bb0b4e1370640fd9c6c957cb56db69,
        type: 3}
      propertyPath: m_LocalEulerAnglesHint.x
      value: 90
      objectReference: {fileID: 0}
    - target: {fileID: 80829084386201862, guid: a4bb0b4e1370640fd9c6c957cb56db69,
        type: 3}
      propertyPath: m_LocalEulerAnglesHint.y
      value: 225
      objectReference: {fileID: 0}
    - target: {fileID: 80829084386201862, guid: a4bb0b4e1370640fd9c6c957cb56db69,
        type: 3}
      propertyPath: m_LocalEulerAnglesHint.z
      value: 0
      objectReference: {fileID: 0}
    m_RemovedComponents: []
  m_SourcePrefab: {fileID: 100100000, guid: a4bb0b4e1370640fd9c6c957cb56db69, type: 3}
--- !u!1001 &4252565973878676234
PrefabInstance:
  m_ObjectHideFlags: 0
  serializedVersion: 2
  m_Modification:
    m_TransformParent: {fileID: 0}
    m_Modifications:
    - target: {fileID: 4252565972265155246, guid: 96389c28f18f445118acae6821b2250c,
        type: 3}
      propertyPath: m_Name
      value: Canvas
      objectReference: {fileID: 0}
    - target: {fileID: 4252565972265155234, guid: 96389c28f18f445118acae6821b2250c,
        type: 3}
      propertyPath: m_LocalPosition.x
      value: 0
      objectReference: {fileID: 0}
    - target: {fileID: 4252565972265155234, guid: 96389c28f18f445118acae6821b2250c,
        type: 3}
      propertyPath: m_LocalPosition.y
      value: 0
      objectReference: {fileID: 0}
    - target: {fileID: 4252565972265155234, guid: 96389c28f18f445118acae6821b2250c,
        type: 3}
      propertyPath: m_LocalPosition.z
      value: 0
      objectReference: {fileID: 0}
    - target: {fileID: 4252565972265155234, guid: 96389c28f18f445118acae6821b2250c,
        type: 3}
      propertyPath: m_LocalRotation.x
      value: 0
      objectReference: {fileID: 0}
    - target: {fileID: 4252565972265155234, guid: 96389c28f18f445118acae6821b2250c,
        type: 3}
      propertyPath: m_LocalRotation.y
      value: 0
      objectReference: {fileID: 0}
    - target: {fileID: 4252565972265155234, guid: 96389c28f18f445118acae6821b2250c,
        type: 3}
      propertyPath: m_LocalRotation.z
      value: 0
      objectReference: {fileID: 0}
    - target: {fileID: 4252565972265155234, guid: 96389c28f18f445118acae6821b2250c,
        type: 3}
      propertyPath: m_LocalRotation.w
      value: 1
      objectReference: {fileID: 0}
    - target: {fileID: 4252565972265155234, guid: 96389c28f18f445118acae6821b2250c,
        type: 3}
      propertyPath: m_RootOrder
      value: 2
      objectReference: {fileID: 0}
    - target: {fileID: 4252565972265155234, guid: 96389c28f18f445118acae6821b2250c,
        type: 3}
      propertyPath: m_LocalEulerAnglesHint.x
      value: 0
      objectReference: {fileID: 0}
    - target: {fileID: 4252565972265155234, guid: 96389c28f18f445118acae6821b2250c,
        type: 3}
      propertyPath: m_LocalEulerAnglesHint.y
      value: 0
      objectReference: {fileID: 0}
    - target: {fileID: 4252565972265155234, guid: 96389c28f18f445118acae6821b2250c,
        type: 3}
      propertyPath: m_LocalEulerAnglesHint.z
      value: 0
      objectReference: {fileID: 0}
    - target: {fileID: 4252565972265155234, guid: 96389c28f18f445118acae6821b2250c,
        type: 3}
      propertyPath: m_AnchoredPosition.x
      value: 0
      objectReference: {fileID: 0}
    - target: {fileID: 4252565972265155234, guid: 96389c28f18f445118acae6821b2250c,
        type: 3}
      propertyPath: m_AnchoredPosition.y
      value: 0
      objectReference: {fileID: 0}
    - target: {fileID: 4252565972265155234, guid: 96389c28f18f445118acae6821b2250c,
        type: 3}
      propertyPath: m_SizeDelta.x
      value: 0
      objectReference: {fileID: 0}
    - target: {fileID: 4252565972265155234, guid: 96389c28f18f445118acae6821b2250c,
        type: 3}
      propertyPath: m_SizeDelta.y
      value: 0
      objectReference: {fileID: 0}
    - target: {fileID: 4252565972265155234, guid: 96389c28f18f445118acae6821b2250c,
        type: 3}
      propertyPath: m_AnchorMin.x
      value: 0
      objectReference: {fileID: 0}
    - target: {fileID: 4252565972265155234, guid: 96389c28f18f445118acae6821b2250c,
        type: 3}
      propertyPath: m_AnchorMin.y
      value: 0
      objectReference: {fileID: 0}
    - target: {fileID: 4252565972265155234, guid: 96389c28f18f445118acae6821b2250c,
        type: 3}
      propertyPath: m_AnchorMax.x
      value: 0
      objectReference: {fileID: 0}
    - target: {fileID: 4252565972265155234, guid: 96389c28f18f445118acae6821b2250c,
        type: 3}
      propertyPath: m_AnchorMax.y
      value: 0
      objectReference: {fileID: 0}
    - target: {fileID: 4252565972265155234, guid: 96389c28f18f445118acae6821b2250c,
        type: 3}
      propertyPath: m_Pivot.x
      value: 0
      objectReference: {fileID: 0}
    - target: {fileID: 4252565972265155234, guid: 96389c28f18f445118acae6821b2250c,
        type: 3}
      propertyPath: m_Pivot.y
      value: 0
      objectReference: {fileID: 0}
    m_RemovedComponents: []
  m_SourcePrefab: {fileID: 100100000, guid: 96389c28f18f445118acae6821b2250c, type: 3}
--- !u!1001 &8082063694768182034
PrefabInstance:
  m_ObjectHideFlags: 0
  serializedVersion: 2
  m_Modification:
    m_TransformParent: {fileID: 82752190}
    m_Modifications:
    - target: {fileID: 147630, guid: c7b8f9a23fa1f584c8d3af6dad1a743b, type: 3}
      propertyPath: m_Name
      value: SM_Prop_Table_02
      objectReference: {fileID: 0}
    - target: {fileID: 457722, guid: c7b8f9a23fa1f584c8d3af6dad1a743b, type: 3}
      propertyPath: m_LocalPosition.x
      value: 0.5401864
      objectReference: {fileID: 0}
    - target: {fileID: 457722, guid: c7b8f9a23fa1f584c8d3af6dad1a743b, type: 3}
      propertyPath: m_LocalPosition.y
      value: 1.3844566
      objectReference: {fileID: 0}
    - target: {fileID: 457722, guid: c7b8f9a23fa1f584c8d3af6dad1a743b, type: 3}
      propertyPath: m_LocalPosition.z
      value: 0.7677288
      objectReference: {fileID: 0}
    - target: {fileID: 457722, guid: c7b8f9a23fa1f584c8d3af6dad1a743b, type: 3}
      propertyPath: m_LocalRotation.x
      value: -0
      objectReference: {fileID: 0}
    - target: {fileID: 457722, guid: c7b8f9a23fa1f584c8d3af6dad1a743b, type: 3}
      propertyPath: m_LocalRotation.y
      value: -0
      objectReference: {fileID: 0}
    - target: {fileID: 457722, guid: c7b8f9a23fa1f584c8d3af6dad1a743b, type: 3}
      propertyPath: m_LocalRotation.z
      value: -0
      objectReference: {fileID: 0}
    - target: {fileID: 457722, guid: c7b8f9a23fa1f584c8d3af6dad1a743b, type: 3}
      propertyPath: m_LocalRotation.w
      value: 1
      objectReference: {fileID: 0}
    - target: {fileID: 457722, guid: c7b8f9a23fa1f584c8d3af6dad1a743b, type: 3}
      propertyPath: m_RootOrder
      value: 0
      objectReference: {fileID: 0}
    - target: {fileID: 457722, guid: c7b8f9a23fa1f584c8d3af6dad1a743b, type: 3}
      propertyPath: m_LocalEulerAnglesHint.x
      value: 0
      objectReference: {fileID: 0}
    - target: {fileID: 457722, guid: c7b8f9a23fa1f584c8d3af6dad1a743b, type: 3}
      propertyPath: m_LocalEulerAnglesHint.y
      value: 0
      objectReference: {fileID: 0}
    - target: {fileID: 457722, guid: c7b8f9a23fa1f584c8d3af6dad1a743b, type: 3}
      propertyPath: m_LocalEulerAnglesHint.z
      value: 0
      objectReference: {fileID: 0}
    - target: {fileID: 457722, guid: c7b8f9a23fa1f584c8d3af6dad1a743b, type: 3}
      propertyPath: m_LocalScale.x
      value: 0.675
      objectReference: {fileID: 0}
    - target: {fileID: 457722, guid: c7b8f9a23fa1f584c8d3af6dad1a743b, type: 3}
      propertyPath: m_LocalScale.y
      value: 0.5625
      objectReference: {fileID: 0}
    - target: {fileID: 457722, guid: c7b8f9a23fa1f584c8d3af6dad1a743b, type: 3}
      propertyPath: m_LocalScale.z
      value: 0.675
      objectReference: {fileID: 0}
    m_RemovedComponents: []
  m_SourcePrefab: {fileID: 100100000, guid: c7b8f9a23fa1f584c8d3af6dad1a743b, type: 3}
